@article{novembre2008europe,
	Author = {Novembre, John and Johnson, Toby and Bryc, Katarzyna and Kutalik, Zolt{\'a}n and Boyko, Adam R. and Auton, Adam and Indap, Amit and King, Karen S. and Bergmann, Sven and Nelson, Matthew R. and Stephens, Matthew and Bustamante, Carlos D.},
	Date = {2008/08/31/online},
	Date-Added = {2018-03-05 20:57:07 +0000},
	Date-Modified = {2018-03-05 20:57:07 +0000},
	Day = {31},
	Journal = {Nature},
	L3 = {10.1038/nature07331; https://www.nature.com/articles/nature07331#supplementary-information},
	Month = {08},
	Pages = {98-101},
	Publisher = {Macmillan Publishers Limited. All rights reserved SN  -},
	Title = {Genes mirror geography within {E}urope},
	Ty = {JOUR},
	Url = {http://dx.doi.org/10.1038/nature07331},
	Volume = {456},
	Year = {2008},
	Bdsk-Url-1 = {http://dx.doi.org/10.1038/nature07331}}

@article{maaten2008visualizing,
  title={Visualizing data using t-{SNE}},
  author={van der Maaten, Laurens and Hinton, Geoffrey},
  journal={Journal of machine learning research},
  volume={9},
  number={Nov},
  pages={2579--2605},
  year={2008}
}

@article{Maples:2013fia,
author = {Maples, Brian K and Gravel, Simon and Kenny, Eimear E and Bustamante, Carlos D},
title = {{RFM}ix: A Discriminative Modeling Approach for Rapid and Robust Local-Ancestry Inference.},
journal = {Am J Hum Genet},
year = {2013},
volume = {93},
number = {2},
pages = {278--288},
month = aug
}

@article{nelson2008population,
  title={The {P}opulation {R}eference {S}ample, {POPRES}: a resource for population, disease, and pharmacological genetics research},
  author={Nelson, Matthew R and Bryc, Katarzyna and King, Karen S and Indap, Amit and Boyko, Adam R and Novembre, John and Briley, Linda P and Maruyama, Yuka and Waterworth, Dawn M and Waeber, G{\'e}rard and others},
  journal={The American Journal of Human Genetics},
  volume={83},
  number={3},
  pages={347--358},
  year={2008},
  publisher={Elsevier}
}


@article{mcvean2009genealogical,
  title={A genealogical interpretation of principal components analysis},
  author={McVean, Gil},
  journal={PLoS genetics},
  volume={5},
  number={10},
  pages={e1000686},
  year={2009},
  publisher={Public Library of Science}
}

@article{li2017tsne,
	Author = {Li, Wentian and Cerise, Jane E. and Yang, Yaning and Han, Henry},
	Doi = {10.1142/S0219720017500172},
	Eprint = {http://www.worldscientific.com/doi/pdf/10.1142/S0219720017500172},
	Journal = {Journal of Bioinformatics and Computational Biology},
	Note = {PMID: 28718343},
	Number = {04},
	Pages = {1750017},
	Title = {Application of t-{SNE} to human genetic data},
	Url = {http://www.worldscientific.com/doi/abs/10.1142/S0219720017500172},
	Volume = {15},
	Year = {2017},
	Bdsk-Url-1 = {http://www.worldscientific.com/doi/abs/10.1142/S0219720017500172},
	Bdsk-Url-2 = {http://dx.doi.org/10.1142/S0219720017500172}}

@article{platzer2013visualization,
  title={Visualization of {SNP}s with t-{SNE}},
  author={Platzer, Alexander},
  journal={PloS one},
  volume={8},
  number={2},
  pages={e56883},
  year={2013},
  publisher={Public Library of Science}
}

@article{10002015global,
  title={A global reference for human genetic variation},
  author={{1000 Genomes Project Consortium}},
  journal={Nature},
  volume={526},
  number={7571},
  pages={68},
  year={2015},
  publisher={Nature Publishing Group}
}

@article{sudlow2015uk,
  title={{UK} biobank: an open access resource for identifying the causes of a wide range of complex diseases of middle and old age},
  author={Sudlow, Cathie and Gallacher, John and Allen, Naomi and Beral, Valerie and Burton, Paul and Danesh, John and Downey, Paul and Elliott, Paul and Green, Jane and Landray, Martin and others},
  journal={PLoS medicine},
  volume={12},
  number={3},
  pages={e1001779},
  year={2015},
  publisher={Public Library of Science}
}

@article{scikit-learn,
 title={Scikit-learn: Machine Learning in {P}ython},
 author={Pedregosa, F. and Varoquaux, G. and Gramfort, A. and Michel, V.
         and Thirion, B. and Grisel, O. and Blondel, M. and Prettenhofer, P.
         and Weiss, R. and Dubourg, V. and Vanderplas, J. and Passos, A. and
         Cournapeau, D. and Brucher, M. and Perrot, M. and Duchesnay, E.},
 journal={Journal of Machine Learning Research},
 volume={12},
 pages={2825--2830},
 year={2011}
}

@article{purcell2007plink,
  title={{PLINK}: a tool set for whole-genome association and population-based linkage analyses},
  author={Purcell, Shaun and Neale, Benjamin and Todd-Brown, Kathe and Thomas, Lori and Ferreira, Manuel AR and Bender, David and Maller, Julian and Sklar, Pamela and De Bakker, Paul IW and Daly, Mark J and others},
  journal={The American Journal of Human Genetics},
  volume={81},
  number={3},
  pages={559--575},
  year={2007},
  publisher={Elsevier}
}

@software{plink,
  author={Purcell, Shaun},
  version={1.90b5.2 64-bit},
  title={PLINK},
  url={http://pngu.mgh.harvard.edu/purcell/plink/}
}

@article{eigen2006,
    author = {Patterson, Nick AND Price, Alkes L AND Reich, David},
    journal = {PLOS Genetics},
    publisher = {Public Library of Science},
    title = {Population Structure and Eigenanalysis},
    year = {2006},
    month = {12},
    volume = {2},
    url = {https://doi.org/10.1371/journal.pgen.0020190},
    pages = {1-20},
    abstract = {Current methods for inferring population structure from genetic data do not provide formal significance tests for population differentiation. We discuss an approach to studying population structure (principal components analysis) that was first applied to genetic data by Cavalli-Sforza and colleagues. We place the method on a solid statistical footing, using results from modern statistics to develop formal significance tests. We also uncover a general âphase changeâ phenomenon about the ability to detect structure in genetic data, which emerges from the statistical theory we use, and has an important implication for the ability to discover structure in genetic data: for a fixed but large dataset size, divergence between two populations (as measured, for example, by a statistic like FST) below a threshold is essentially undetectable, but a little above threshold, detection will be easy. This means that we can predict the dataset size needed to detect structure.},
    number = {12},
    doi = {10.1371/journal.pgen.0020190}
}

@article{2018arXivUMAP,
     author = {{McInnes}, L. and {Healy}, J.},
     title = {{UMAP}: Uniform Manifold Approximation and Projection for Dimension Reduction},
     journal={arXiv preprint arXiv:1802.03426},
     archivePrefix = "arXiv",
     eprint = {1802.03426},
     primaryClass = "stat.ML",
     keywords = {Statistics - Machine Learning, Computer Science - Computational Geometry, Computer Science - Learning},
     year = 2018,
     month = feb,
}

@article{alexander2009fast,
  title={Fast model-based estimation of ancestry in unrelated individuals},
  author={Alexander, David H and Novembre, John and Lange, Kenneth},
  journal={Genome research},
  volume={19},
  number={9},
  pages={1655--1664},
  year={2009},
  publisher={Cold Spring Harbor Lab}
}

@article{baharian2016great,
  title={The great migration and {A}frican-{A}merican genomic diversity},
  author={Baharian, Soheil and Barakatt, Maxime and Gignoux, Christopher R and Shringarpure, Suyash and Errington, Jacob and Blot, William J and Bustamante, Carlos D and Kenny, Eimear E and Williams, Scott M and Aldrich, Melinda C and others},
  journal={PLoS genetics},
  volume={12},
  number={5},
  pages={e1006059},
  year={2016},
  publisher={Public Library of Science}
}

@article{mcvean_genealogical_2009,
	title = {A Genealogical Interpretation of Principal Components Analysis},
	volume = {5},
	issn = {1553-7404},
	url = {http://dx.plos.org/10.1371/journal.pgen.1000686},
	doi = {10.1371/journal.pgen.1000686},
	pages = {e1000686},
	number = {10},
	journaltitle = {{PLoS} Genetics},
	author = {{McVean}, Gil},
	editor = {Przeworski, Molly},
	urldate = {2017-10-05},
	date = {2009-10-16},
	langid = {english}
}

@article{price2006principal,
  title={Principal components analysis corrects for stratification in genome-wide association studies},
  author={Price, Alkes L and Patterson, Nick J and Plenge, Robert M and Weinblatt, Michael E and Shadick, Nancy A and Reich, David},
  journal={Nature genetics},
  volume={38},
  number={8},
  pages={904},
  year={2006},
  publisher={Nature Publishing Group}
}

@article{brisbin2012pcadmix,
  title={{PCA}dmix: principal components-based assignment of ancestry along each chromosome in individuals with admixed ancestry from two or more populations},
  author={Brisbin, Abra and Bryc, Katarzyna and Byrnes, Jake and Zakharia, Fouad and Omberg, Larsson and Degenhardt, Jeremiah and Reynolds, Andrew and Ostrer, Harry and Mezey, Jason G and Bustamante, Carlos D},
  journal={Human biology},
  volume={84},
  number={4},
  pages={343},
  year={2012},
  publisher={NIH Public Access}
}

@article{juster1995overview,
  title={An overview of the {H}ealth and {R}etirement {S}tudy},
  author={Juster, F Thomas and Suzman, Richard},
  journal={Journal of Human Resources},
  pages={S7--S56},
  year={1995},
  publisher={JSTOR}
}

@misc{plotly, 
    author = {{Plotly Technologies Inc.}},
    title = {Collaborative data science},
    publisher = {Plotly Technologies Inc.},
    address = {Montreal, QC},
    year = {2015},
    url = {https://plot.ly}
} 

@misc{python2015,
    title = {Python: A dynamic, open source programming language},
    author = {Python Core Team},
    publisher = {Python Software Foundation},
    year = {2015},
    url= {https://www.python.org/}
}

@misc{Ulyanov2016,
  author = {Ulyanov, Dmitry},
  title = {Multicore-TSNE},
  year = {2016},
  publisher = {GitHub},
  journal = {GitHub repository},
  howpublished = {\url{https://github.com/DmitryUlyanov/Multicore-TSNE}},
}

@Manual{bokeh2014,
title = {Bokeh: {P}ython library for interactive visualization},
author = {{Bokeh Development Team}},
year = {2014},
url = {http://www.bokeh.pydata.org},
}

@Article{Hunter2007,
  Author    = {Hunter, J. D.},
  Title     = {Matplotlib: A 2D graphics environment},
  Journal   = {Computing In Science \& Engineering},
  Volume    = {9},
  Number    = {3},
  Pages     = {90--95},
  abstract  = {Matplotlib is a 2D graphics package used for Python
  for application development, interactive scripting, and
  publication-quality image generation across user
  interfaces and operating systems.},
  publisher = {IEEE COMPUTER SOC},
  doi       = {10.1109/MCSE.2007.55},
  year      = 2007
}

@article {Jordan333609,
	author = {Jordan, I.King and Rishishwar, Lavanya and Conley, Andrew B},
	title = {Cryptic {N}ative {A}merican ancestry recapitulates population-specific migration and settlement of the continental {U}nited {S}tates},
	year = {2018},
	doi = {10.1101/333609},
	publisher = {Cold Spring Harbor Laboratory},
	URL = {https://www.biorxiv.org/content/early/2018/05/30/333609},
	eprint = {https://www.biorxiv.org/content/early/2018/05/30/333609.full.pdf},
	journal = {bioRxiv}
}

@article{novembre2008interpreting,
  title={Interpreting principal component analyses of spatial population genetic variation},
  author={Novembre, John and Stephens, Matthew},
  journal={Nature genetics},
  volume={40},
  number={5},
  pages={646},
  year={2008},
  publisher={Nature Publishing Group}
}

@inproceedings{seabold2010statsmodels,
  title={Statsmodels: Econometric and statistical modeling with python},
  author={Seabold, Skipper and Perktold, Josef},
  booktitle={9th Python in Science Conference},
  year={2010},
}

@Misc{scipy,
  author =    {Eric Jones and Travis Oliphant and Pearu Peterson and others},
  title =     {{SciPy}: Open source scientific tools for {Python}},
  year =      {2001--},
  url = "http://www.scipy.org/",
  note = {[Online; accessed 2018-02-02]}
}

@article{robinson2015population,
  title={Population genetic differentiation of height and body mass index across {E}urope},
  author={Robinson, Matthew R and Hemani, Gibran and Medina-Gomez, Carolina and Mezzavilla, Massimo and Esko, Tonu and Shakhbazov, Konstantin and Powell, Joseph E and Vinkhuyzen, Anna and Berndt, Sonja I and Gustafsson, Stefan and others},
  journal={Nature genetics},
  volume={47},
  number={11},
  pages={1357},
  year={2015},
  publisher={Nature Publishing Group}
}

@book{komlos1994stature,
  title={Stature, living standards, and economic development: Essays in anthropometric history},
  author={Komlos, AU},
  year={1994},
  page={52},
  publisher={University of Chicago Press}
}

@article{Laayouni2668,
	Author = {Laayouni, Hafid and Oosting, Marije and Luisi, Pierre and Ioana, Mihai and Alonso, Santos and Rica{\~n}o-Ponce, Isis and Trynka, Gosia and Zhernakova, Alexandra and Plantinga, Theo S. and Cheng, Shih-Chin and van der Meer, Jos W. M. and Popp, Radu and Sood, Ajit and Thelma, B. K. and Wijmenga, Cisca and Joosten, Leo A. B. and Bertranpetit, Jaume and Netea, Mihai G.},
	Journal = {Proceedings of the National Academy of Sciences},
	Number = {7},
	Pages = {2668--2673},
	Title = {Convergent evolution in {E}uropean and {R}roma populations reveals pressure exerted by plague on Toll-like receptors},
	Volume = {111},
	Year = {2014}}

@article{Hellenthal747,
	Author = {Hellenthal, Garrett and Busby, George B. J. and Band, Gavin and Wilson, James F. and Capelli, Cristian and Falush, Daniel and Myers, Simon},
	Journal = {Science},
	Number = {6172},
	Pages = {747--751},
	Title = {A Genetic Atlas of Human Admixture History},
	Volume = {343},
	Year = {2014}}

@article{lawson2012inference,
  title={Inference of population structure using dense haplotype data},
  author={Lawson, Daniel John and Hellenthal, Garrett and Myers, Simon and Falush, Daniel},
  journal={PLoS genetics},
  volume={8},
  number={1},
  pages={e1002453},
  year={2012},
  publisher={Public Library of Science}
}

@article{leslie2015fine,
  title={The fine-scale genetic structure of the {B}ritish population},
  author={Leslie, Stephen and Winney, Bruce and Hellenthal, Garrett and Davison, Dan and Boumertit, Abdelhamid and Day, Tammy and Hutnik, Katarzyna and Royrvik, Ellen C and Cunliffe, Barry and Lawson, Daniel J and others},
  journal={Nature},
  volume={519},
  number={7543},
  pages={309},
  year={2015},
  publisher={Nature Publishing Group}
}

@article{umap2018singlecell,
	Author = {Becht, Etienne and McInnes, Leland and Healy, John and Dutertre, Charles-Antoine and Kwok, Immanuel W H and Ng, Lai Guan and Ginhoux, Florent and Newell, Evan W},
	Date = {2018/12/03/online},
	Day = {03},
	Journal = {Nature Biotechnology},
	Month = {12},
	Publisher = {Nature Publishing Group},
	Title = {Dimensionality reduction for visualizing single-cell data using {UMAP}},
	Url = {https://doi.org/10.1038/nbt.4314},
	Year = {2018}
	}

@Misc{23andme,
  author =    {23andMe},
  title =     {23andMe Tests New Ancestry Breakdown in Central and South Asia},
  year =      {2019},
  url = "https://blog.23andme.com/ancestry/23andme-tests-new-ancestry-breakdown-in-central-and-south-asia/",
  note = {[Online; accessed 2019-04-04]}
}


@article{reich2009india,
	Author = {Reich, David and Thangaraj, Kumarasamy and Patterson, Nick and Price, Alkes L. and Singh, Lalji},
	Journal = {Nature},
	Month = {09},
	Pages = {489 EP  -},
	Title = {Reconstructing Indian population history},
	Volume = {461},
	Year = {2009}}

@article{han2017clustering,
  title={Clustering of 770,000 genomes reveals post-colonial population structure of North America},
  author={Han, Eunjung and Carbonetto, Peter and Curtis, Ross E and Wang, Yong and Granka, Julie M and Byrnes, Jake and Noto, Keith and Kermany, Amir R and Myres, Natalie M and Barber, Mathew J and others},
  journal={Nature communications},
  volume={8},
  pages={14238},
  year={2017},
  publisher={Nature Publishing Group}
}


@article{ortega2015effect,
  title={The effect of ancestry and genetic variation on lung function predictions: what is “normal” lung function in diverse human populations?},
  author={Ortega, Victor E and Kumar, Rajesh},
  journal={Current allergy and asthma reports},
  volume={15},
  number={4},
  pages={16},
  year={2015},
  publisher={Springer}
}

@misc{quanjer2012multi,
  title={Multi-ethnic reference values for spirometry for the 3--95-yr age range: the global lung function 2012 equations},
  author={Quanjer, Philip H and Stanojevic, Sanja and Cole, Tim J and Baur, Xaver and Hall, Graham L and Culver, Bruce H and Enright, Paul L and Hankinson, John L and Ip, Mary SM and Zheng, Jinping and others},
  year={2012},
  publisher={Eur Respiratory Soc}
}

@article{spence2018inference,
  title={Inference of population history using coalescent HMMs: review and outlook},
  author={Spence, Jeffrey P and Steinr{\"u}cken, Matthias and Terhorst, Jonathan and Song, Yun S},
  journal={Current opinion in genetics \& development},
  volume={53},
  pages={70--76},
  year={2018},
  publisher={Elsevier}
}

@article{novembre2016recent,
  title={Recent advances in the study of fine-scale population structure in humans},
  author={Novembre, John and Peter, Benjamin M},
  journal={Current opinion in genetics \& development},
  volume={41},
  pages={98--105},
  year={2016},
  publisher={Elsevier}
}